
@Article{cnm06,
  author = 	 {R. Caruana and A. Niculescu-Mizil},
  title = 	 {An empirical comparison of supervised learning algorithms},
  journal =  {Proceedings of the 23rd international conference on Machine learning},
  year = 	 {2006},
  volume = 	 {ICML '06},
  pages = 	 {161--168}
}

@Article{king95,
  author = 	 {R. D. King and C. Feng and A. Sutherland},
  title = 	 {Statlog: comparison of classification algorithms on large real-world problems},
  journal =  {Applied Artificial Intelligence},
  year = 	 {1995},
  volume = 	 {9},
  number = 	 {3},
  pages = 	 {289--333}
}

@Book{pearl:88,
  author = 	 {Judea Pearl},
  title = 	 {Probabilistic {R}easoning in {I}ntelligent {S}ystems: 
		  {N}etworks of {P}lausible {I}nference},
  publisher = 	 {Morgan Kaufman Publishers},
  year = 	 {1988},
  address = 	 {San Mateo, CA}
}
