@article{scikit-learn,
 title={Scikit-learn: Machine Learning in {P}ython},
 author={Pedregosa, F. and Varoquaux, G. and Gramfort, A. and Michel, V.
         and Thirion, B. and Grisel, O. and Blondel, M. and Prettenhofer, P.
         and Weiss, R. and Dubourg, V. and Vanderplas, J. and Passos, A. and
         Cournapeau, D. and Brucher, M. and Perrot, M. and Duchesnay, E.},
 journal={Journal of Machine Learning Research},
 volume={12},
 pages={2825--2830},
 year={2011}
}

@Article{cnm:06,
  author = 	 {R. Caruana and A. Niculescu-Mizil},
  title = 	 {An empirical comparison of supervised learning algorithms},
  journal =  {Proceedings of the 23rd international conference on Machine learning},
  year = 	 {2006},
  volume = 	 {ICML '06},
  pages = 	 {161--168}
}

@Article{king:95,
  author = 	 {R. D. King and C. Feng and A. Sutherland},
  title = 	 {{STATLOG}: {C}omparison of {C}lassification {A}lgorithms on {L}arge {R}eal-world {P}roblems},
  journal =  {Applied Artificial Intelligence},
  year = 	 {1995},
  volume = 	 {9},
  number = 	 {3},
  pages = 	 {289--333}
}

@inproceedings{sklearn_api,
  author    = {L. Buitinck and G. Louppe and M. Blondel and
               F. Pedregosa and A. Mueller and O. Grisel and
               V. Niculae and P. Prettenhofer and A. Gramfort
               and J. Grobler and R. Layton and J. VanderPlas and
               A. Joly and B. Holt and G. Varoquaux},
  title     = {{API} design for machine learning software: experiences from the scikit-learn
               project},
  booktitle = {ECML PKDD Workshop: Languages for Data Mining and Machine Learning},
  year      = {2013},
  pages = {108--122},
}

@misc{Dua:2019,
    author = "D. Dua and C. Graff",
    year = "2017",
    title = "{UCI} {M}achine {L}earning {R}epository",
    url = "http://archive.ics.uci.edu/ml",
    institution = "University of California, Irvine, School of Information and Computer Sciences" 
}

@misc{Flei:2021,
    author = "J. G. Fleischer",
    year = "2021",
    title = "Lecture 19 {M}odel {S}election",
    url = "https://github.com/jasongfleischer/UCSD_COGS118A/blob/main/Notebooks/Lecture_19_model_selection.ipynb",
    institution = "University of California, San Diego, Department of Cognitive Science" 
}
